@inproceedings{li2015tree,
  title={When Are Tree Structures Necessary for Deep Learning of Representations?},
  author={Li, Jiwei and Luong, Minh-Thang and Jurafsky, Dan and Hovy, Eudard},
  booktitle={Empirical Methods in Natural Language Processing (EMNLP)},
  year={2015}
}

@inproceedings{see2016compression,
 author = {Abigail See and Minh-Thang Luong and Christopher D. Manning},
 booktitle = {Computational Natural Language Learning (CoNLL)},
 title = {Compression of Neural Machine Translation Models via Pruning},
 url = {https://nlp.stanford.edu/pubs/see2016compression.pdf},
 year = {2016}
}

@inproceedings{bowman2016spinn,
 author = {Samuel R. Bowman and Jon Gauthier and Abhinav Rastogi and Raghav Gupta and Christopher D. Manning and Christopher Potts},
 booktitle = {Association for Computational Linguistics (ACL)},
 title = {A Fast Unified Model for Parsing and Sentence Understanding},
 url = {https://nlp.stanford.edu/pubs/bowman2016spinn.pdf},
 year = {2016}
}

@inproceedings{muzny2017twostage,
 author = {Muzny, Grace and Fang, Michael and Chang, Angel X. and Jurafsky, Dan},
 booktitle = {Proceedings of the European Chapter of the Association for Computational Linguistics (EACL)},
 title = {A Two-stage Sieve Approach for Quote Attribution},
 url = {https://nlp.stanford.edu/pubs/muzny2017twostage.pdf},
 year = {2017}
}

@inproceedings{wuebker2016acl_prefix,
 address = {Berlin, Germany},
 author = {Joern Wuebker and Spence Green and John DeNero, Sa\v{s}a Hasan and Minh-Thang Luong},
 booktitle = {Association for Computational Linguistics (ACL)},
 month = {August},
 title = {Models and Inference for Prefix-Constrained Machine Translation},
 url = {https://nlp.stanford.edu/pubs/wuebker2016acl_prefix.pdf},
 year = {2016}
}

@inproceedings{clark2016deep,
 author = {Clark, Kevin and Manning, Christopher D.},
 booktitle = {Empirical Methods on Natural Language Processing},
 title = {Deep Reinforcement Learning for Mention-Ranking Coreference Models},
 url = {https://nlp.stanford.edu/pubs/clark2016deep.pdf},
 year = {2016}
}

@inproceedings{clark2016improving,
 author = {Clark, Kevin and Manning, Christopher D.},
 booktitle = {Association for Computational Linguistics (ACL)},
 title = {Improving Coreference Resolution by Learning Entity-Level Distributed Representations},
 url = {https://nlp.stanford.edu/pubs/clark2016improving.pdf},
 year = {2016}
}

@inproceedings{luong2016acl_hybrid,
 address = {Berlin, Germany},
 author = {Luong, Minh-Thang  and  Manning, Christopher D.},
 booktitle = {Association for Computational Linguistics (ACL)},
 month = {August},
 title = {Achieving Open Vocabulary Neural Machine Translation with Hybrid Word-Character Models},
 url = {https://nlp.stanford.edu/pubs/luong2016acl_hybrid.pdf},
 year = {2016}
}

@inproceedings{huang2016events,
 author = {Huang, Ruihong  and Cases, Ignacio  and Jurafsky, Dan  and Condoravdi, Cleo  and Riloff, Ellen},
 booktitle = {Empirical Methods in Natural Language Processing (EMNLP)},
 link = {},
 title = {Distinguishing Past, On-going, and Future Events: The EventStatus Corpus},
 url = {https://nlp.stanford.edu/pubs/huang2016events.pdf},
 year = {2016}
}

@inproceedings{hamilton2016cultural,
 author = {Hamilton, William L and Leskovec, Jure and Jurafsky, Dan},
 booktitle = {Empirical Methods in Natural Language Processing (EMNLP)},
 title = {Cultural Shift or Linguistic Drift? Comparing Two Computational Measures of Semantic Change},
 url = {https://nlp.stanford.edu/pubs/hamilton2016cultural.pdf},
 year = {2016}
}

@inproceedings{hamilton2016inducing,
 author = {Hamilton, William L and Clark, Kevin and Leskovec, Jure and Jurafsky, Dan},
 booktitle = {Empirical Methods in Natural Language Processing (EMNLP)},
 title = {Inducing Domain-Specific Sentiment Lexicons from Unlabeled Corpora},
 url = {https://nlp.stanford.edu/pubs/hamilton2016inducing.pdf},
 year = {2016}
}

@inproceedings{hamilton2016diachronic,
 author = {Hamilton, William L. and Leskovec, Jure and Jurafsky, Dan},
 booktitle = {Association for Computational Linguistics (ACL)},
 link = {http://arxiv.org/abs/1605.09096},
 title = {Diachronic {Word} {Embeddings} {Reveal} {Statistical} {Laws} of {Semantic} {Change}},
 url = {https://nlp.stanford.edu/pubs/hamilton2016diachronic.pdf},
 year = {2016}
}

@inproceedings{guu2017bridging,
 author = {Guu, Kelvin and Pasupat, Panupong and Liu, Evan Zheran and Liang, Percy},
 booktitle = {Association of Computational Linguistics (ACL)},
 title = {From Language to Programs: Bridging Reinforcement Learning and Maximum Marginal Likelihood},
 url = {https://nlp.stanford.edu/pubs/guu2017bridging.pdf},
 year = {2017}
}

@inproceedings{khandelwal2018lm,
 author = {Khandelwal, Urvashi and He, He and Qi, Peng and Jurafsky, Dan},
 booktitle = {Association for Computational Linguistics (ACL)},
 title = {Sharp Nearby, Fuzzy Far Away: How Neural Language Models Use Context},
 url = {https://nlp.stanford.edu/pubs/khandelwal2018lm.pdf},
 year = {2018}
}

@inproceedings{li2017adversarial,
 author = {Li, Jiwei  and  Monroe, Will  and  Shi, Tianlin  and  Jean, S\'ebastien  and  Ritter, Alan  and  Jurafsky, Dan},
 booktitle = {Empirical Methods in Natural Language Processing (EMNLP)},
 title = {Adversarial Learning for Neural Dialogue Generation},
 url = {https://nlp.stanford.edu/pubs/li2017adversarial.pdf},
 year = {2017}
}



